<?xml version="1.0" encoding="UTF-8"?><collection xmlns="http://www.loc.gov/MARC21/slim"><record><leader>00409nam--2200145-i-4500</leader><controlfield tag="001">000001716</controlfield><controlfield tag="002">20161230</controlfield><controlfield tag="005">20161230201024</controlfield><controlfield tag="008">060222s1000------------r-----000-0-eng-d</controlfield><datafield ind1=" " ind2=" " tag="080"><subfield code="a">512.83:681.3.06</subfield></datafield><datafield ind1=" " ind2=" " tag="100"><subfield code="a">Dorf, Richard C</subfield></datafield><datafield ind1=" " ind2=" " tag="245"><subfield code="a">Matrix algebra:a programmed introduction</subfield></datafield><datafield ind1=" " ind2=" " tag="260"><subfield code="a">New York, John Wiley &amp; Sons, Inc., 1969. Viii + 260 P</subfield></datafield><datafield ind1=" " ind2=" " tag="852"><subfield code="a">36537</subfield><subfield code="c">512.831</subfield></datafield><datafield ind1=" " ind2=" " tag="CAT"><subfield code="a">Sys</subfield><subfield code="c">20080522</subfield><subfield code="h">123404</subfield></datafield></record></collection>